@ARTICLE{vakbib1,
  author = {asdasd},
  addendum = {asdasd},
  title = {Yo. Ando},
  journal = {JPSJ},
  year = {2013},
  volume = {82},
  number = {102001},
  pages = {11},
  language = {english},
}


@ARTICLE{vakbib2,
  author = {},
  addendum = {},
  title = {Xi.-L. Qi and Sh.-Ch. Zhang},
  journal = {Rev. Mod. Phys.},
  year = {2011},
  volume = {83},
  number = {1057},
  pages = {},
  language = {english},
}


@ARTICLE{vakbib3,
	author = {},
	addendum = {},
	title = {M. Hasan and C. Kane},
	journal = {Rev. Mod. Phys.},
	year = {2010},
	volume = {82},
	number = {3045},
	pages = {},
	language = {english},
}


@ARTICLE{vakbib4,
	author = {},
	addendum = {},
	title = {K. Klitzing et al.},
	journal = {Phys. Rev. Lett.},
	year = {1980},
	volume = {45},
	number = {494},
	pages = {},
	language = {english},
}


@ARTICLE{vakbib5,
	author = {},
	addendum = {},
	title = {R. Laughlin},
	journal = {Phys. Rev. B},
	year = {1981},
	volume = {23},
	number = {5632},
	pages = {},
	language = {english},
}


@ARTICLE{vakbib6,
	author = {},
	addendum = {},
	title = {Sh.-Sh. Chern},
	journal = {The Annals of Mathematics},
	year = {1945},
	volume = {46},
	number = {674},
	pages = {},
	language = {english},
}


@ARTICLE{vakbib7,
	author = {},
	addendum = {},
	title = {M. V. Berry},
	journal = {Proc. R. Soc. A},
	year = {1984},
	volume = {392},
	number = {45},
	pages = {},
	language = {english},
}


@ARTICLE{vakbib8,
	author = {},
	addendum = {},
	title = {A. Altland and M. R. Zirnbauer},
	journal = {Phys. Rev. B},
	year = {1997},
	volume = {55},
	number = {21},
	pages = {},
	language = {english},
}


@ARTICLE{vakbib9,
	author = {},
	addendum = {},
	title = {S. Murakami et al.},
	journal = {Phys. Rev. Lett.},
	year = {2004},
	volume = {93},
	number = {156804},
	pages = {},
	language = {english},
}


@ARTICLE{vakbib10,
	author = {},
	addendum = {},
	title = {Ch.-X. Liu et al.},
	journal = {Annu. Rev. Condens. Matter Phys.},
	year = {2016},
	volume = {7},
	number = {},
	pages = {301--321},
	language = {english},
}


@ARTICLE{vakbib11,
	author = {},
	addendum = {},
	title = {C. L. Kane and E. J. Mele},
	journal = {Phys. Rev. Lett.},
	year = {2005},
	volume = {95},
	number = {146802},
	pages = {},
	language = {english},
}


@ARTICLE{vakbib12,
	author = {},
	addendum = {},
	title = {C. L. Kane and E. J. Mele},
	journal = {Phys. Rev. Lett.},
	year = {2005},
	volume = {95},
	number = {226801},
	pages = {},
	language = {english},
}


@ARTICLE{vakbib13,
	author = {},
	addendum = {},
	title = {C. Xu and J. Moore},
	journal = {Phys. Rev. B},
	year = {2006},
	volume = {73},
	number = {045322},
	pages = {},
	language = {english},
}


@ARTICLE{vakbib14,
	author = {},
	addendum = {},
	title = {C. L. Kane and E. J. Mele},
	journal = {Science},
	year = {2006},
	volume = {314},
	number = {5806},
	pages = {1692--1693},
	language = {english},
}

@ARTICLE{vakbib15,
	author = {},
	addendum = {},
	title = {L. Fu et al.},
	journal = {Phys. Rev. Lett.},
	year = {2007},
	volume = {98},
	number = {106803},
	pages = {},
	language = {english},
}

@ARTICLE{vakbib16,
	author = {},
	addendum = {},
	title = {L. Fu and C. Kane},
	journal = {Phys. Rev. B},
	year = {2007},
	volume = {76},
	number = {045302},
	pages = {},
	language = {english},
}

@ARTICLE{vakbib17,
	author = {},
	addendum = {},
	title = {J. Teo et al.},
	journal = {Phys. Rev. B},
	year = {2008},
	volume = {78},
	number = {045426},
	pages = {},
	language = {english},
}


@ARTICLE{vakbib18,
	author = {},
	addendum = {},
	title = {D. Hsieh et al.},
	journal = {Nature},
	year = {2008},
	volume = {452},
	number = {},
	pages = {970--974},
	language = {english},
}


@ARTICLE{vakbib19,
	author = {},
	addendum = {},
	title = {Zhang H. et al.},
	journal = {Nat. Phys.},
	year = {2009},
	volume = {5},
	number = {},
	pages = {438--442},
	language = {english},
}


@ARTICLE{vakbib20,
	author = {},
	addendum = {},
	title = {Y. Xia et al.},
	journal = {Nat. Phys.},
	year = {2009},
	volume = {5},
	number = {},
	pages = {398--402},
	language = {english},
}

@ARTICLE{vakbib21,
	author = {},
	addendum = {},
	title = {B. Ryu et al.},
	journal = {J. Kor. Phys. Soc.},
	year = {2016},
	volume = {68},
	number = {115},
	pages = {},
	language = {english},
}

@ARTICLE{vakbib22,
	author = {},
	addendum = {},
	title = {K. Govaerts},
	journal = {Phys. Rev. B},
	year = {2014},
	volume = {89},
	number = {054106},
	pages = {},
	language = {english},
}


@ARTICLE{vakbib23,
	author = {},
	addendum = {},
	title = {R. Žitko},
	journal = {Phys. Rev. B},
	year = {2010},
	volume = {81},
	number = {241414},
	pages = {},
	language = {english},
}


@ARTICLE{vakbib24,
	author = {},
	addendum = {},
	title = {G. Lui et al.},
	journal = {Appl. Phys. Lett.},
	year = {2012},
	volume = {101},
	number = {223109},
	pages = {},
	language = {english},
}


@ARTICLE{vakbib25,
	author = {},
	addendum = {},
	title = {A. Díaz-Fernández et al.},
	journal = {Sci. Rep.},
	year = {2017},
	volume = {7},
	number = {8058},
	pages = {},
	language = {english},
}


@ARTICLE{vakbib26,
	author = {},
	addendum = {},
	title = {M.T. Edmonds et al.},
	journal = {ACS Nano},
	year = {2014},
	volume = {8},
	number = {6400},
	pages = {},
	language = {english},
}


@ARTICLE{vakbib27,
	author = {},
	addendum = {},
	title = {L.A. Wray et al.},
	journal = {Nat. Phys.},
	year = {2011},
	volume = {7},
	number = {32},
	pages = {},
	language = {english},
}

@ARTICLE{vakbib28,
	author = {},
	addendum = {},
	title = {L.A. Wray et al.},
	journal = {arXiv},
	year = {https://arxiv.org/abs/1105.4794},
	volume = {},
	number = {},
	pages = {},
	language = {english},
}

@ARTICLE{vakbib29,
	author = {},
	addendum = {},
	title = {M.R. Scholz et al.},
	journal = {Phys. Rev. Lett.},
	year = {2012},
	volume = {108},
	number = {256810},
	pages = {},
	language = {english},
}

@ARTICLE{vakbib30,
	author = {},
	addendum = {},
	title = {Z.-H. Zhu et al.},
	journal = {Phys. Rev. Lett.},
	year = {2011},
	volume = {107},
	number = {186405},
	pages = {},
	language = {english},
}


@ARTICLE{vakbib31,
	author = {},
	addendum = {},
	title = {D. Hsieh et al.},
	journal = {Nature},
	year = {2009},
	volume = {460},
	number = {1001},
	pages = {},
	language = {english},
}

@ARTICLE{vakbib32,
	author = {},
	addendum = {},
	title = {Y. Zhang et al.},
	journal = {Appl. Phys. Lett.},
	year = {2010},
	volume = {97},
	number = {194102},
	pages = {},
	language = {english},
}

@ARTICLE{vakbib33,
	author = {},
	addendum = {},
	title = {M. Atani et al.},
	journal = {Jpn. J. Appl. Phys.},
	year = {2013},
	volume = {52},
	number = {110112},
	pages = {},
	language = {english},
}


@ARTICLE{vakbib34,
	author = {},
	addendum = {},
	title = {C. Mann et al.},
	journal = {Nat. Comm.},
	year = {2013},
	volume = {4},
	number = {2277},
	pages = {},
	language = {english},
}


@ARTICLE{vakbib35,
	author = {},
	addendum = {},
	title = {A.J. Green et al.},
	journal = {J. Vac. Sci. Technol. A},
	year = {2016},
	volume = {34},
	number = {061403},
	pages = {},
	language = {english},
}

@ARTICLE{vakbib36,
	author = {},
	addendum = {},
	title = {H. Bando et al.},
	journal = {J. Phys.: Condens. Matter},
	year = {2000},
	volume = {12},
	number = {5607},
	pages = {},
	language = {english},
}

@ARTICLE{vakbib37,
	author = {},
	addendum = {},
	title = {L. Fu et al.},
	journal = {Phys. Rev. Lett.},
	year = {2008},
	volume = {100},
	number = {096407},
	pages = {},
	language = {english},
}

@ARTICLE{vakbib38,
	author = {},
	addendum = {},
	title = {Q.L. He et al.},
	journal = {Science},
	year = {2017},
	volume = {357},
	number = {6348},
	pages = {},
	language = {english},
}



@ARTICLE{vakbib39,
	author = {},
	addendum = {},
	title = {C.W.J. Beenakker et al.},
	journal = {Ann. Rev. Condens. Matter Phys.},
	year = {2013},
	volume = {4},
	number = {113},
	pages = {},
	language = {english},
}

@ARTICLE{vakbib40,
	author = {},
	addendum = {},
	title = {F. Qu et al.},
	journal = {Sci. Rep.},
	year = {2012},
	volume = {2},
	number = {339},
	pages = {},
	language = {english},
}


@ARTICLE{vakbib41,
	author = {},
	addendum = {},
	title = {D.S. Kong et al.},
	journal = {Nat. Nanotechnol.},
	year = {2011},
	volume = {6},
	number = {705},
	pages = {},
	language = {english},
}

@ARTICLE{vakbib42,
	author = {},
	addendum = {},
	title = {J. Zhang et al.},
	journal = {Nat. Comm.},
	year = {2011},
	volume = {2},
	number = {574},
	pages = {},
	language = {english},
}

@ARTICLE{vakbib43,
	author = {},
	addendum = {},
	title = {X. He et al.},
	journal = {Sci. Rep.},
	year = {2015},
	volume = {5},
	number = {8830},
	pages = {},
	language = {english},
}


@ARTICLE{vakbib44,
	author = {},
	addendum = {},
	title = {P. P. J. Haazen et al.},
	journal = {App. Phys. Let.},
	year = {2012},
	volume = {100},
	number = {082404},
	pages = {},
	language = {english},
}

@ARTICLE{vakbib45,
	author = {},
	addendum = {},
	title = {C.-Z. Chang et al.},
	journal = {Phys. Rev. Lett.},
	year = {2014},
	volume = {112},
	number = {056801},
	pages = {},
	language = {english},
}


@ARTICLE{vakbib46,
	author = {},
	addendum = {},
	title = {X. F. Kou et al.},
	journal = {J. Appl. Phys.},
	year = {2012},
	volume = {112},
	number = {063912},
	pages = {},
	language = {english},
}

@ARTICLE{vakbib47,
	author = {},
	addendum = {},
	title = {J. Sanchez-Barriga et al.},
	journal = {Nat. Commun.},
	year = {2016},
	volume = {7},
	number = {10559},
	pages = {},
	language = {english},
}


@ARTICLE{vakbib48,
	author = {},
	addendum = {},
	title = {Y. S. Hor et al.},
	journal = {Phys. Rev. B},
	year = {2010},
	volume = {81},
	number = {195203},
	pages = {},
	language = {english},
}

@ARTICLE{vakbib49,
	author = {},
	addendum = {},
	title = {Y. L. Chen et al.},
	journal = {Science},
	year = {2010},
	volume = {329},
	number = {659},
	pages = {},
	language = {english},
}


@ARTICLE{vakbib50,
	author = {},
	addendum = {},
	title = {D. Zhang et al.},
	journal = {Phys. Rev. B},
	year = {2012},
	volume = {86},
	number = {205127},
	pages = {},
	language = {english},
}

@ARTICLE{vakbib51,
	author = {},
	addendum = {},
	title = {I. Lee et al.},
	journal = {PNAS},
	year = {2015},
	volume = {112},
	number = {5},
	pages = {},
	language = {english},
}


@ARTICLE{vakbib52,
	author = {},
	addendum = {},
	title = {C.-Z. Chang et al.},
	journal = {Science},
	year = {2013},
	volume = {340},
	number = {167},
	pages = {},
	language = {english},
}

@ARTICLE{vakbib53,
	author = {},
	addendum = {},
	title = {C.-Z. Chang et al.},
	journal = {Nat. Mater.},
	year = {2015},
	volume = {14},
	number = {473},
	pages = {},
	language = {english},
}


@ARTICLE{vakbib54,
	author = {},
	addendum = {},
	title = {M. Mogi et al.},
	journal = {Appl. Phys. Lett.},
	year = {2015},
	volume = {107},
	number = {182401},
	pages = {},
	language = {english},
}

@ARTICLE{vakbib55,
	author = {},
	addendum = {},
	title = {K. He et al.},
	journal = {Nat. Sci. Rev.},
	year = {2014},
	volume = {1},
	number = {},
	pages = {38--48},
	language = {english},
}

@ARTICLE{vakbib56,
	author = {},
	addendum = {},
	title = {D. K. Efimkin and V. Galitski},
	journal = {Phys. Rev. B},
	year = {2014},
	volume = {89},
	number = {115431},
	pages = {},
	language = {english},
}

@ARTICLE{vakbib57,
	author = {},
	addendum = {},
	title = {S.-Y. Xu et al.},
	journal = {Nat. Phys.},
	year = {2012},
	volume = {8},
	number = {616},
	pages = {},
	language = {english},
}


@ARTICLE{vakbib58,
	author = {},
	addendum = {},
	title = {W. Liu et al.},
	journal = {ACS Nano},
	year = {2015},
	volume = {9},
	number = {10237},
	pages = {},
	language = {english},
}

@ARTICLE{vakbib59,
	author = {},
	addendum = {},
	title = {L. J. Collins-McIntyre et al.},
	journal = {Europhys. Lett.},
	year = {2014},
	volume = {5107},
	number = {57009},
	pages = {},
	language = {english},
}


@ARTICLE{vakbib60,
	author = {},
	addendum = {},
	title = {G. Rosenberg and M. Franz},
	journal = {Phys. Rev. B},
	year = {2012},
	volume = {85},
	number = {195119},
	pages = {},
	language = {english},
}

@ARTICLE{vakbib61,
	author = {},
	addendum = {},
	title = {V. N. Men’shov et al.},
	journal = {JETP.},
	year = {2011},
	volume = {94},
	number = {8},
	pages = {629--634},
	language = {english},
}

@ARTICLE{vakbib62,
	author = {},
	addendum = {},
	title = {Q. Liu et al.},
	journal = {Phys. Rev. Lett.},
	year = {2009},
	volume = {102},
	number = {156603},
	pages = {},
	language = {english},
}

@ARTICLE{vakbib63,
	author = {},
	addendum = {},
	title = {D. A. Abanin and D. A. Pesin},
	journal = {Phys. Rev. Lett.},
	year = {2011},
	volume = {106},
	number = {136802},
	pages = {},
	language = {english},
}


@ARTICLE{vakbib64,
	author = {},
	addendum = {},
	title = {J. Henk et al.},
	journal = {Phys. Rev. Lett.},
	year = {2012},
	volume = {109},
	number = {076901},
	pages = {},
	language = {english},
}

@ARTICLE{vakbib65,
	author = {},
	addendum = {},
	title = {J. Henk et al.},
	journal = {Phys. Rev. Lett.},
	year = {2012},
	volume = {108},
	number = {206801},
	pages = {},
	language = {english},
}


@ARTICLE{vakbib66,
	author = {},
	addendum = {},
	title = {A. Polyakov et al.},
	journal = {Phys. Rev. B},
	year = {2015},
	volume = {92},
	number = {045423},
	pages = {},
	language = {english},
}

@ARTICLE{vakbib67,
	author = {},
	addendum = {},
	title = {S. V. Eremeev et al.},
	journal = {Phys. Rev. B},
	year = {2013},
	volume = {88},
	number = {144430},
	pages = {},
	language = {english},
}

@ARTICLE{vakbib68,
	author = {},
	addendum = {},
	title = {V. N. Men’shov et al.},
	journal = {Phys. Rev. B},
	year = {2013},
	volume = {88},
	number = {224401},
	pages = {},
	language = {english},
}

@ARTICLE{vakbib69,
	author = {},
	addendum = {},
	title = {T. Hirahara et al.},
	journal = {Nano Lett.},
	year = {2017},
	volume = {17},
	number = {},
	pages = {3493--3500},
	language = {english},
}

@ARTICLE{vakbib70,
	author = {},
	addendum = {},
	title = {M. M. Otrokov et al.},
	journal = {JETP Letters},
	year = {2017},
	volume = {105},
	number = {5},
	pages = {297--302},
	language = {english},
}

@ARTICLE{vakbib71,
	author = {},
	addendum = {},
	title = {A. I. Figueroa et al.},
	journal = {JMMM},
	year = {2017},
	volume = {422},
	number = {},
	pages = {93--99},
	language = {english},
}

@ARTICLE{vakbib72,
	author = {},
	addendum = {},
	title = {S. E. Harrison et al.},
	journal = {Sci. Rep.},
	year = {2015},
	volume = {5},
	number = {15767},
	pages = {},
	language = {english},
}

@ARTICLE{vakbib73,
	author = {},
	addendum = {},
	title = {S. E. Harrison et al.},
	journal = {Appl. Phys. Lett.},
	year = {2015},
	volume = {107},
	number = {182406},
	pages = {},
	language = {english},
}


@ARTICLE{vakbib74,
	author = {},
	addendum = {},
	title = {A. I. Figueroa et al.},
	journal = {Phys. Status Solidi PRL},
	year = {2016},
	volume = {10},
	number = {},
	pages = {467--470},
	language = {english},
}

@ARTICLE{vakbib75,
	author = {},
	addendum = {},
	title = {J. Jensen and A. R. Mackintosh},
	journal = {Rare Earth Magnetism},
	year = {1999},
	volume = {},
	number = {},
	pages = {},
	language = {english},
}

@ARTICLE{vakbib76,
	author = {},
	addendum = {},
	title = {B. Deng et al.},
	journal = {Phys. Rev. B},
	year = {2016},
	volume = {94},
	number = {054113},
	pages = {},
	language = {english},
}

@ARTICLE{vakbib77,
	author = {},
	addendum = {},
	title = {W. Klemm and Z. Anorg},
	journal = {Chem.},
	year = {1930},
	volume = {187},
	number = {29},
	pages = {},
	language = {english},
}

@ARTICLE{vakbib78,
	author = {},
	addendum = {},
	title = {J. Kim et al.},
	journal = {Sci. Rep.},
	year = {2015},
	volume = {5},
	number = {10309},
	pages = {},
	language = {english},
}

@ARTICLE{vakbib79,
	author = {},
	addendum = {},
	title = {S. W. Kim et al.},
	journal = {Appl. Phys. Lett.},
	year = {2015},
	volume = {106},
	number = {252401},
	pages = {},
	language = {english},
}

@ARTICLE{vakbib80,
	author = {},
	addendum = {},
	title = {S. Li et al.},
	journal = {Appl. Phys. Lett.},
	year = {2013},
	volume = {102},
	number = {242412},
	pages = {},
	language = {english},
}

@ARTICLE{vakbib81,
	author = {},
	addendum = {},
	title = {S. E. Harrison et al.},
	journal = {J. Appl. Phys.},
	year = {2014},
	volume = {115},
	number = {023904},
	pages = {},
	language = {english},
}

@ARTICLE{vakbib82,
	author = {},
	addendum = {},
	title = {T. Valla et al.},
	journal = {Phys. Rev. Lett.},
	year = {2012},
	volume = {108},
	number = {117601},
	pages = {},
	language = {english},
}

@ARTICLE{vakbib83,
	author = {},
	addendum = {},
	title = {Оура К. и др.},
	journal = {Введение в физику поверхности},
	year = {2006},
	volume = {},
	number = {},
	pages = {},
	language = {russian},
}

@ARTICLE{vakbib84,
	author = {},
	addendum = {},
	title = {Шикин А.},
	journal = {Взаимодействие фотонов и электронов с твердым телом},
	year = {2008},
	volume = {},
	number = {},
	pages = {},
	language = {russian},
}

@ARTICLE{vakbib85,
	author = {},
	addendum = {},
	title = {Марченко Д.},
	journal = {Диссерстация на соискание ученой степени кандидата физико-математических наук.},
	year = {2015},
	volume = {},
	number = {},
	pages = {},
	language = {russian},
}

@ARTICLE{vakbib86,
	author = {},
	addendum = {},
	title = {Киселев В. и др.},
	journal = {Основы физики поверхности твердого тела},
	year = {1999},
	volume = {},
	number = {},
	pages = {},
	language = {russian},
}

@ARTICLE{vakbib87,
	author = {},
	addendum = {},
	title = {Y. L. Chen et al.},
	journal = {Science},
	year = {2009},
	volume = {325},
	number = {178},
	pages = {},
	language = {english},
}

@ARTICLE{vakbib88,
	author = {},
	addendum = {},
	title = {M. Bianchi et al.},
	journal = {Nature Comm.},
	year = {2010},
	volume = {1},
	number = {128},
	pages = {},
	language = {english},
}

@ARTICLE{vakbib89,
	author = {},
	addendum = {},
	title = {H. Yang et al.},
	journal = {Phys. Rev. Lett.},
	year = {2012},
	volume = {86},
	number = {155317},
	pages = {},
	language = {english},
}

@ARTICLE{vakbib90,
	author = {},
	addendum = {},
	title = {S. Zhu et al.},
	journal = {Sci. Rep.},
	year = {2015},
	volume = {5},
	number = {13213},
	pages = {},
	language = {english},
}

@ARTICLE{vakbib91,
	author = {},
	addendum = {},
	title = {B. J. Kowalski et al.},
	journal = {ACTA Phys. Pol. A},
	year = {1997},
	volume = {91},
	number = {4},
	pages = {},
	language = {english},
}

@ARTICLE{vakbib92,
	author = {},
	addendum = {},
	title = {A. N. Chantis et al.},
	journal = {Phys. Rev. B},
	year = {2007},
	volume = {76},
	number = {165126},
	pages = {},
	language = {english},
}

@ARTICLE{vakbib93,
	author = {},
	addendum = {},
	title = {E. Guziewicz et al.},
	journal = {Appl. Sur. Sci.},
	year = {2000},
	volume = {166},
	number = {},
	pages = {231--236},
	language = {english},
}

@ARTICLE{vakbib94,
	author = {},
	addendum = {},
	title = {B. J. Kowalski et al.},
	journal = {ACTA Phys. Pol. A},
	year = {1997},
	volume = {92},
	number = {5},
	pages = {},
	language = {english},
}

@ARTICLE{vakbib95,
	author = {},
	addendum = {},
	title = {M. Aon et al.},
	journal = {Solid State Commun.},
	year = {1981},
	volume = {37},
	number = {},
	pages = {471--474},
	language = {english},
}

@ARTICLE{vakbib96,
	author = {},
	addendum = {},
	title = {Y. R. Song et al.},
	journal = {Appl. Phys. Lett.},
	year = {2012},
	volume = {160},
	number = {242403},
	pages = {},
	language = {english},
}

@ARTICLE{vakbib97,
	author = {},
	addendum = {},
	title = {M. A. Ruderman and C. Kittel},
	journal = {Phys. Rev.},
	year = {1954},
	volume = {96},
	number = {99},
	pages = {},
	language = {english},
}

@ARTICLE{vakbib98,
	author = {},
	addendum = {},
	title = {T. Kasuya},
	journal = {Prog. Theor. Phys.},
	year = {1956},
	volume = {16},
	number = {45},
	pages = {},
	language = {english},
}

@ARTICLE{vakbib99,
	author = {},
	addendum = {},
	title = {K. Yosida},
	journal = {Phys. Rev.},
	year = {1957},
	volume = {106},
	number = {893},
	pages = {},
	language = {english},
}

@ARTICLE{vakbib100,
	author = {},
	addendum = {},
	title = {K. Szałowski and T. Balcerzak},
	journal = {Phys. Rev. B},
	year = {2008},
	volume = {78},
	number = {024419},
	pages = {},
	language = {english},
}

@ARTICLE{vakbib101,
	author = {},
	addendum = {},
	title = {C. Gong et al.},
	journal = {Nature},
	year = {2017},
	volume = {545},
	number = {},
	pages = {265--269},
	language = {english},
}

@ARTICLE{vakbib102,
	author = {},
	addendum = {},
	title = {T. Waki et al.},
	journal = {Conf. Series},
	year = {2017},
	volume = {868},
	number = {012007},
	pages = {},
	language = {english},
}

@ARTICLE{vakbib103,
	author = {},
	addendum = {},
	title = {Z. Zhang et al.},
	journal = {ACS Nano},
	year = {2013},
	volume = {7},
	number = {10475},
	pages = {},
	language = {english},
}

@ARTICLE{vakbib104,
	author = {},
	addendum = {},
	title = {A. Generalov et al.},
	journal = {Nano Lett.},
	year = {2017},
	volume = {17},
	number = {},
	pages = {811--820},
	language = {english},
}

@ARTICLE{vakbib105,
	author = {},
	addendum = {},
	title = {A. Chikina et al.},
	journal = {Nat. Commun.},
	year = {2014},
	volume = {5},
	number = {3171},
	pages = {},
	language = {english},
}

@ARTICLE{vakbib106,
	author = {},
	addendum = {},
	title = {M. Güttler et al.},
	journal = {Sci. Rep.},
	year = {2016},
	volume = {6},
	number = {24254},
	pages = {},
	language = {english},
}